@article{DG12,
  author    = {Finale Doshi{-}Velez and
               Zoubin Ghahramani},
  title     = {Correlated Non-Parametric Latent Feature Models},
  journal   = {CoRR},
  volume    = {abs/1205.2650},
  year      = {2012},
  url       = {http://arxiv.org/abs/1205.2650},
  timestamp = {Wed, 07 Jun 2017 14:42:02 +0200},
  biburl    = {http://dblp.uni-trier.de/rec/bib/journals/corr/abs-1205-2650},
  bibsource = {dblp computer science bibliography, http://dblp.org}
}

@article{gg11,
  title={The indian buffet process: An introduction and review},
  author={Griffiths, Thomas L and Ghahramani, Zoubin},
  journal={Journal of Machine Learning Research},
  volume={12},
  number={Apr},
  pages={1185--1224},
  year={2011}
}

@ARTICLE{BCC16,
   author = {{Campbell}, T. and {Cai}, D. and {Broderick}, T.},
    title = "{Exchangeable Trait Allocations}",
  journal = {ArXiv e-prints},
archivePrefix = "arXiv",
   eprint = {1609.09147},
 primaryClass = "math.ST",
 keywords = {Mathematics - Statistics Theory, 60G09, 60C05, 62H30},
     year = 2016,
    month = sep,
   adsurl = {http://adsabs.harvard.edu/abs/2016arXiv160909147C},
  adsnote = {Provided by the SAO/NASA Astrophysics Data System}
}

@inproceedings{borgs15,
  title={Private graphon estimation for sparse graphs},
  author={Borgs, Christian and Chayes, Jennifer and Smith, Adam},
  booktitle={Advances in Neural Information Processing Systems},
  pages={1369--1377},
  year={2015}
}

@inproceedings{airoldi13,
  title={Stochastic blockmodel approximation of a graphon: Theory and consistent estimation},
  author={Airoldi, Edo M and Costa, Thiago B and Chan, Stanley H},
  booktitle={Advances in Neural Information Processing Systems},
  pages={692--700},
  year={2013}
}

@ARTICLE{GLZ14,
   author = {{Gao}, C. and {Lu}, Y. and {Zhou}, H.~H.},
    title = "{Rate-optimal graphon estimation}",
  journal = {ArXiv e-prints},
archivePrefix = "arXiv",
   eprint = {1410.5837},
 primaryClass = "math.ST",
 keywords = {Mathematics - Statistics Theory},
     year = 2014,
    month = oct,
   adsurl = {http://adsabs.harvard.edu/abs/2014arXiv1410.5837G},
  adsnote = {Provided by the SAO/NASA Astrophysics Data System}
}

@ARTICLE{WO13,
   author = {{Wolfe}, P.~J. and {Olhede}, S.~C.},
    title = "{Nonparametric graphon estimation}",
  journal = {ArXiv e-prints},
archivePrefix = "arXiv",
   eprint = {1309.5936},
 primaryClass = "math.ST",
 keywords = {Mathematics - Statistics Theory, Mathematics - Combinatorics, Mathematics - Probability, 62G05 (Primary) 05C80, 62G20 (Secondary)},
     year = 2013,
    month = sep,
   adsurl = {http://adsabs.harvard.edu/abs/2013arXiv1309.5936W},
  adsnote = {Provided by the SAO/NASA Astrophysics Data System}
}

@conference {DGT09,
	title = {Variational Inference for the Indian Buffet Process},
	booktitle = {Proceedings of the Twelfth International Conference on Artificial Intelligence and Statistics, {AISTATS} 2009, Clearwater Beach, Florida, USA, April 16-18, 2009},
	year = {2009},
	pages = {137{\textendash}144},
	author = {Finale Doshi and Kurt Miller and Jurgen Van Gael and Yee Whye Teh}
}


@ARTICLE{BJP13,
   author = {{Broderick}, T. and {Pitman}, J. and {Jordan}, M.~I.},
    title = "{Feature allocations, probability functions, and paintboxes}",
  journal = {ArXiv e-prints},
archivePrefix = "arXiv",
   eprint = {1301.6647},
 primaryClass = "math.PR",
 keywords = {Mathematics - Probability, Mathematics - Statistics Theory},
     year = 2013,
    month = jan,
   adsurl = {http://adsabs.harvard.edu/abs/2013arXiv1301.6647B},
  adsnote = {Provided by the SAO/NASA Astrophysics Data System}
}

@inproceedings{langley00,
 author    = {P. Langley},
 title     = {Crafting Papers on Machine Learning},
 year      = {2000},
 pages     = {1207--1216},
 editor    = {Pat Langley},
 booktitle     = {Proceedings of the 17th International Conference
              on Machine Learning (ICML 2000)},
 address   = {Stanford, CA},
 publisher = {Morgan Kaufmann}
}

@TechReport{mitchell80,
  author = 	 "T. M. Mitchell",
  title = 	 "The Need for Biases in Learning Generalizations",
  institution =  "Computer Science Department, Rutgers University",
  year = 	 "1980",
  address =	 "New Brunswick, MA",
}

@phdthesis{kearns89,
  author = {M. J. Kearns},
  title =  {Computational Complexity of Machine Learning},
  school = {Department of Computer Science, Harvard University},
  year =   {1989}
}

@Book{MachineLearningI,
  editor = 	 "R. S. Michalski and J. G. Carbonell and T.
		  M. Mitchell",
  title = 	 "Machine Learning: An Artificial Intelligence
		  Approach, Vol. I",
  publisher = 	 "Tioga",
  year = 	 "1983",
  address =	 "Palo Alto, CA"
}

@Book{DudaHart2nd,
  author =       "R. O. Duda and P. E. Hart and D. G. Stork",
  title =        "Pattern Classification",
  publisher =    "John Wiley and Sons",
  edition =      "2nd",
  year =         "2000"
}

@misc{anonymous,
  title= {Suppressed for Anonymity},
  author= {Author, N. N.},
  year= {2011},
}

@InCollection{Newell81,
  author =       "A. Newell and P. S. Rosenbloom",
  title =        "Mechanisms of Skill Acquisition and the Law of
                  Practice", 
  booktitle =    "Cognitive Skills and Their Acquisition",
  pages =        "1--51",
  publisher =    "Lawrence Erlbaum Associates, Inc.",
  year =         "1981",
  editor =       "J. R. Anderson",
  chapter =      "1",
  address =      "Hillsdale, NJ"
}


@Article{Samuel59,
  author = 	 "A. L. Samuel",
  title = 	 "Some Studies in Machine Learning Using the Game of
		  Checkers",
  journal =	 "IBM Journal of Research and Development",
  year =	 "1959",
  volume =	 "3",
  number =	 "3",
  pages =	 "211--229"
}